@article{abramzon1989droplet,
  title={Droplet vaporization model for spray combustion calculations},
  author={Abramzon, B and Sirignano, William A},
  journal={International journal of heat and mass transfer},
  volume={32},
  number={9},
  pages={1605--1618},
  year={1989},
  publisher={Elsevier}
}

@inproceedings{patel2016influence,
  title={Influence of Turbulence Modelling to Condensing Steam Flow in the 3D Low-Pressure Steam Turbine Stage},
  author={Patel, Yogini and Patel, Giteshkumar and Turunen-Saaresti, Teemu},
  booktitle={Turbo Expo: Power for Land, Sea, and Air},
  volume={49866},
  pages={V008T26A036},
  year={2016},
  organization={American Society of Mechanical Engineers}
}

@article{francesco2017cfd,
  title={CFD modelling of the condensation inside a cascade of steam turbine blades: comparison with an experimental test case},
  author={Francesco, Giacomelli and Federico, Mazzelli and Adriano, Milazzo},
  journal={Energy Procedia},
  volume={126},
  pages={730--737},
  year={2017},
  publisher={Elsevier}
}

@article{gerber2004pressure,
  title={A pressure based Eulerian--Eulerian multi-phase model for non-equilibrium condensation in transonic steam flow},
  author={Gerber, AG and Kermani, MJ},
  journal={International Journal of Heat and Mass Transfer},
  volume={47},
  number={10-11},
  pages={2217--2231},
  year={2004},
  publisher={Elsevier}
}

@article{granasy1993diffuse,
  title={Diffuse interface theory of nucleation},
  author={Gr{\'a}n{\'a}sy, L},
  journal={Journal of non-crystalline solids},
  volume={162},
  number={3},
  pages={301--303},
  year={1993},
  publisher={Elsevier}
}

@misc{turns2011introduction,
  title={An introduction to combustion Third edition},
  author={Turns, Stephen},
  year={2011},
  publisher={McGraw-Hill Education}
}

